@article{Harshman1970,
  author       = {Harshman, Richard A.},
  year         = {1970},
  title        = {Foundations of the {PARAFAC} Procedure: Models and Conditions for an "Explanatory" Multimodal Factor Analysis},
  journaltitle = {UCLA Working Papers in Phonetics},
  volume       = {16},
  pages        = {1--84}
}

@article{Tucker1966,
  author       = {Tucker, Ledyard R.},
  year         = {1966},
  title        = {Some Mathematical Notes on Three-Mode Factor Analysis},
  journaltitle = {Psychometrika},
  volume       = {31},
  number       = {3},
  pages        = {279--311},
  doi          = {10.1007/BF02289464}
}

@article{Bro1997,
  author       = {Bro, Rasmus},
  year         = {1997},
  title        = {{PARAFAC}: Tutorial and Applications},
  journaltitle = {Chemometrics and Intelligent Laboratory Systems},
  volume       = {38},
  number       = {2},
  pages        = {149--171},
  doi          = {10.1016/S0169-7439(97)00032-4}
}

@article{DeLathauwer2000a,
  author       = {De Lathauwer, Lieven and De Moor, Bart and Vandewalle, Joos},
  year         = {2000},
  title        = {A Multilinear Singular Value Decomposition},
  journaltitle = {SIAM Journal on Matrix Analysis and Applications},
  volume       = {21},
  number       = {4},
  pages        = {1253--1278},
  doi          = {10.1137/S0895479896305696}
}

@article{DeLathauwer2000b,
  author       = {De Lathauwer, Lieven and De Moor, Bart and Vandewalle, Joos},
  year         = {2000},
  title        = {On the Best Rank-1 and Rank-$(R_1,R_2,\ldots,R_N)$ Approximation of Higher-Order Tensors},
  journaltitle = {SIAM Journal on Matrix Analysis and Applications},
  volume       = {21},
  number       = {4},
  pages        = {1324--1342},
  doi          = {10.1137/S0895479898346995}
}

@article{Kiers2000,
  author       = {Kiers, Henk A. L.},
  year         = {2000},
  title        = {Towards a Standardized Notation and Terminology in Multiway Analysis},
  journaltitle = {Journal of Chemometrics},
  volume       = {14},
  number       = {3},
  pages        = {105--122},
  doi          = {10.1002/1099-128X(200005/06)14:3<105::AID-CEM582>3.0.CO;2-I}
}

@article{SorensenBro2009,
  author       = {S{\o}rensen, Mikael and Bro, Rasmus},
  year         = {2009},
  title        = {Automated Multi-Way Analysis for Calibration and Decomposition},
  journaltitle = {Journal of Chemometrics},
  volume       = {23},
  number       = {12},
  pages        = {600--615},
  doi          = {10.1002/cem.1269}
}

@article{KoldaBader2009,
  author       = {Kolda, Tamara G. and Bader, Brett W.},
  year         = {2009},
  title        = {Tensor Decompositions and Applications},
  journaltitle = {SIAM Review},
  volume       = {51},
  number       = {3},
  pages        = {455--500},
  doi          = {10.1137/07070111X}
}

@article{Chandola2009,
  author       = {Chandola, Varun and Banerjee, Arindam and Kumar, Vipin},
  year         = {2009},
  title        = {Anomaly Detection: A Survey},
  journaltitle = {ACM Computing Surveys},
  volume       = {41},
  number       = {3},
  pages        = {15:1--15:58},
  doi          = {10.1145/1541880.1541882}
}

@article{Pimentel2014,
  author       = {Pimentel, Marco A. F. and Clifton, David A. and Clifton, Lei and Tarassenko, Lionel},
  year         = {2014},
  title        = {A Review of Novelty Detection},
  journaltitle = {Signal Processing},
  volume       = {99},
  pages        = {215--249},
  doi          = {10.1016/j.sigpro.2013.12.026}
}

@article{Campos2016,
  author       = {Campos, Guilherme O. and Zimek, Arthur and Sander, J{\"o}rg and Campello, Ricardo J. G. B. and Micenkov{\'a}, B{\'a}ra and Schubert, Erich and Assent, Ira and Houle, Michael E.},
  year         = {2016},
  title        = {On the Evaluation of Unsupervised Outlier Detection: Measures, Datasets, and an Empirical Study},
  journaltitle = {Data Mining and Knowledge Discovery},
  volume       = {30},
  number       = {4},
  pages        = {891--927},
  doi          = {10.1007/s10618-015-0444-8}
}

@article{Ruff2021,
  author       = {Ruff, Lukas and Kauffmann, Jakob R. and Vandermeulen, Robert A. and Montavon, Gr{\'e}goire and Samek, Wojciech and Kloft, Marius and Dietterich, Thomas G. and M{\"u}ller, Klaus-Robert},
  year         = {2021},
  title        = {A Unifying Review of Deep and Shallow Anomaly Detection},
  journaltitle = {Proceedings of the IEEE},
  volume       = {109},
  number       = {5},
  pages        = {756--795},
  doi          = {10.1109/JPROC.2021.3052449}
}

@article{Scholkopf2001,
  author       = {Sch{\"o}lkopf, Bernhard and Platt, John C. and Shawe-Taylor, John and Smola, Alexander J. and Williamson, Robert C.},
  year         = {2001},
  title        = {Estimating the Support of a High-Dimensional Distribution},
  journaltitle = {Neural Computation},
  volume       = {13},
  number       = {7},
  pages        = {1443--1471},
  doi          = {10.1162/089976601750264965}
}

@article{TaxDuin2004,
  author       = {Tax, David M. J. and Duin, Robert P. W.},
  year         = {2004},
  title        = {Support Vector Data Description},
  journaltitle = {Machine Learning},
  volume       = {54},
  number       = {1},
  pages        = {45--66},
  doi          = {10.1023/B:MACH.0000008084.60811.49}
}

@article{Hinton2006,
  author       = {Hinton, Geoffrey E. and Salakhutdinov, Ruslan R.},
  year         = {2006},
  title        = {Reducing the Dimensionality of Data with Neural Networks},
  journaltitle = {Science},
  volume       = {313},
  number       = {5786},
  pages        = {504--507},
  doi          = {10.1126/science.1127647}
}

@book{Goodfellow2016,
  author       = {Goodfellow, Ian and Bengio, Yoshua and Courville, Aaron},
  year         = {2016},
  title        = {Deep Learning},
  publisher    = {MIT Press},
  location     = {Cambridge, MA},
  url          = {http://www.deeplearningbook.org}
}

@inproceedings{Sakurada2014,
  author       = {Sakurada, Mayu and Yairi, Takehisa},
  year         = {2014},
  title        = {Anomaly Detection Using Autoencoders with Nonlinear Dimensionality Reduction},
  booktitle    = {Proceedings of MLSDA 2014: 2nd Workshop on Machine Learning for Sensory Data Analysis},
  pages        = {4:1--4:8},
  doi          = {10.1145/2689746.2689747}
}

@inproceedings{ZhouPaffenroth2017,
  author       = {Zhou, Chong and Paffenroth, Randy C.},
  year         = {2017},
  title        = {Anomaly Detection with Robust Deep Autoencoders},
  booktitle    = {Proceedings of the 23rd ACM SIGKDD International Conference on Knowledge Discovery and Data Mining},
  pages        = {665--674},
  doi          = {10.1145/3097983.3098052}
}

@inproceedings{Liu2008,
  author       = {Liu, Fei Tony and Ting, Kai Ming and Zhou, Zhi-Hua},
  year         = {2008},
  title        = {Isolation Forest},
  booktitle    = {Proceedings of the 2008 IEEE International Conference on Data Mining (ICDM)},
  pages        = {413--422},
  doi          = {10.1109/ICDM.2008.17}
}

@article{Liu2012,
  author       = {Liu, Fei Tony and Ting, Kai Ming and Zhou, Zhi-Hua},
  year         = {2012},
  title        = {Isolation-Based Anomaly Detection},
  journaltitle = {ACM Transactions on Knowledge Discovery from Data},
  volume       = {6},
  number       = {1},
  pages        = {3:1--3:39},
  doi          = {10.1145/2133360.2133363}
}

@article{ReedYu1990,
  author       = {Reed, Irving S. and Yu, Xiaoli},
  year         = {1990},
  title        = {Adaptive Multiple-Band {CFAR} Detection of an Optical Pattern with Unknown Spectral Distribution},
  journaltitle = {IEEE Transactions on Aerospace and Electronic Systems},
  volume       = {26},
  number       = {4},
  pages        = {653--668},
  doi          = {10.1109/7.59861}
}

@article{Baur2021,
  author       = {Baur, Christoph and Denner, Stefan and Wiestler, Benedikt and Albarqouni, Shadi and Navab, Nassir},
  year         = {2021},
  title        = {Autoencoders for Unsupervised Anomaly Segmentation in Brain {MR} Images: A Comparative Study},
  journaltitle = {Medical Image Analysis},
  volume       = {69},
  pages        = {101952},
  doi          = {10.1016/j.media.2020.101952}
}

@inproceedings{Bergmann2019,
  author       = {Bergmann, Paul and Fauser, Michael and Sattlegger, David and Steger, Carsten},
  year         = {2019},
  title        = {{MVTec} {AD}—A Comprehensive Real-World Dataset for Unsupervised Anomaly Detection},
  booktitle    = {Proceedings of the IEEE/CVF Conference on Computer Vision and Pattern Recognition (CVPR)},
  pages        = {9592--9600},
  doi          = {10.1109/CVPR.2019.00983}
}

@article{Bergmann2021,
  author       = {Bergmann, Paul and Batzner, Konstantin and Fauser, Michael and Sattlegger, David and Steger, Carsten},
  year         = {2021},
  title        = {The {MVTec} Anomaly Detection Dataset: A Comprehensive Real-World Dataset for Unsupervised Anomaly Detection},
  journaltitle = {International Journal of Computer Vision},
  volume       = {129},
  pages        = {1038--1059},
  doi          = {10.1007/s11263-020-01400-4}
}

@article{Kerner2020,
  author       = {Kerner, Hannah R. and Wagstaff, Kiri L. and Bue, Brian D. and {others}},
  year         = {2020},
  title        = {Comparison of Novelty Detection Methods for Multispectral Images in Rover-Based Planetary Exploration Missions},
  journaltitle = {Data Mining and Knowledge Discovery},
  volume       = {34},
  number       = {6},
  pages        = {1837--1862},
  doi          = {10.1007/s10618-020-00697-6}
}

@article{Markou2003a,
  author       = {Markou, Markos and Singh, Sameer},
  year         = {2003},
  title        = {Novelty Detection: A Review—Part 1: Statistical Approaches},
  journaltitle = {Signal Processing},
  volume       = {83},
  number       = {12},
  pages        = {2481--2497},
  doi          = {10.1016/j.sigpro.2003.07.018}
}

@article{Markou2003b,
  author       = {Markou, Markos and Singh, Sameer},
  year         = {2003},
  title        = {Novelty Detection: A Review—Part 2: Neural Network Based Approaches},
  journaltitle = {Signal Processing},
  volume       = {83},
  number       = {12},
  pages        = {2499--2521},
  doi          = {10.1016/j.sigpro.2003.07.019}
}

@article{Kim2021,
  author       = {Kim, Minyoung and Cho, Junghwan and Lee, Sungroh},
  year         = {2021},
  title        = {Unsupervised Anomaly Detection for Brain {MR} Images Using Deep Learning: A Survey},
  journaltitle = {Magnetic Resonance in Medicine},
  volume       = {86},
  number       = {2},
  pages        = {627--648},
  doi          = {10.1002/mrm.28750}
}

@inproceedings{Tabernik2019,
  author       = {Tabernik, Domen and {\v{S}}ela, Samo and Skvar{\v{c}}, Jure and Sko{\v{c}}aj, Danijel},
  year         = {2019},
  title        = {Segmentation-Based Deep-Learning Approach for Surface-Defect Detection},
  booktitle    = {Proceedings of the IEEE/CVF Winter Conference on Applications of Computer Vision (WACV)},
  pages        = {1187--1196},
  doi          = {10.1109/WACV.2019.00131}
}
